<?xml version="1.0" encoding="UTF-8"?><collection xmlns="http://www.loc.gov/MARC21/slim"><record><leader>00391nam--2200133-i-4500</leader><controlfield tag="001">000004828</controlfield><controlfield tag="002">20161230</controlfield><controlfield tag="005">20161230201026</controlfield><controlfield tag="008">060222s1000------------r-----000-0-eng-d</controlfield><datafield ind1=" " ind2=" " tag="080"><subfield code="a">..</subfield></datafield><datafield ind1=" " ind2=" " tag="100"><subfield code="a">Bissi,A.And Zappa,L</subfield></datafield><datafield ind1=" " ind2=" " tag="245"><subfield code="a">Magnetic perturbation on circular polarization of external brensstrahlung</subfield></datafield><datafield ind1=" " ind2=" " tag="260"><subfield code="a">Milano,Inst.Di Fisica Sperimntale Del Politec Nico,1959. 2p</subfield></datafield><datafield ind1=" " ind2=" " tag="852"><subfield code="a">6503</subfield></datafield></record></collection>